@ARTICLE{deep_res,
       author = {{He}, Kaiming and {Zhang}, Xiangyu and {Ren}, Shaoqing and {Sun}, Jian},
        title = "{Deep Residual Learning for Image Recognition}",
      journal = {arXiv e-prints},
     keywords = {Computer Science - Computer Vision and Pattern Recognition},
         year = 2015,
        month = dec,
          eid = {arXiv:1512.03385},
        pages = {arXiv:1512.03385},
archivePrefix = {arXiv},
       eprint = {1512.03385},
 primaryClass = {cs.CV},
       adsurl = {https://ui.adsabs.harvard.edu/abs/2015arXiv151203385H},
      adsnote = {Provided by the SAO/NASA Astrophysics Data System}
}

@ARTICLE{very_deep_conv,
       author = {{Simonyan}, Karen and {Zisserman}, Andrew},
        title = "{Very Deep Convolutional Networks for Large-Scale Image Recognition}",
      journal = {arXiv e-prints},
     keywords = {Computer Science - Computer Vision and Pattern Recognition},
         year = 2014,
        month = sep,
          eid = {arXiv:1409.1556},
        pages = {arXiv:1409.1556},
archivePrefix = {arXiv},
       eprint = {1409.1556},
 primaryClass = {cs.CV},
       adsurl = {https://ui.adsabs.harvard.edu/abs/2014arXiv1409.1556S},
      adsnote = {Provided by the SAO/NASA Astrophysics Data System}
}

@ARTICLE{bert,
       author = {{Devlin}, Jacob and {Chang}, Ming-Wei and {Lee}, Kenton and
         {Toutanova}, Kristina},
        title = "{BERT: Pre-training of Deep Bidirectional Transformers for Language Understanding}",
      journal = {arXiv e-prints},
     keywords = {Computer Science - Computation and Language},
         year = 2018,
        month = oct,
          eid = {arXiv:1810.04805},
        pages = {arXiv:1810.04805},
archivePrefix = {arXiv},
       eprint = {1810.04805},
 primaryClass = {cs.CL},
       adsurl = {https://ui.adsabs.harvard.edu/abs/2018arXiv181004805D},
      adsnote = {Provided by the SAO/NASA Astrophysics Data System}
}

@misc{shallue_dahl_2019, title={Google AI Blog}, url={https://ai.googleblog.com/2019/03/measuring-limits-of-data-parallel.html}, journal={Google AI Blog}, publisher={Google}, author={Shallue, Chris and Dahl, George}, year={2019}, month={Mar}}




